<record><leader>00000cas a22000007a 4500</leader><controlfield tag="001">20576816</controlfield><controlfield tag="008">891031c19899999iaucr ne      0    0eng d</controlfield><datafield ind1=" " ind2=" " tag="010"><subfield code="a">sn 89057011 </subfield></datafield><datafield ind1=" " ind2=" " tag="040"><subfield code="a">INP</subfield><subfield code="b">eng</subfield><subfield code="c">INP</subfield><subfield code="d">OCLCQ</subfield></datafield><datafield ind1=" " ind2=" " tag="042"><subfield code="a">msc</subfield></datafield><datafield ind1="0" ind2="0" tag="245"><subfield code="a">Carroll today news.</subfield></datafield><datafield ind1="3" ind2="0" tag="246"><subfield code="a">Carroll today</subfield></datafield><datafield ind1="3" ind2="0" tag="246"><subfield code="a">Today news</subfield></datafield><datafield ind1="1" ind2="3" tag="246"><subfield code="a">Today news extra</subfield></datafield><datafield ind1="1" ind2="3" tag="246"><subfield code="a">Carroll today news extra</subfield></datafield><datafield ind1="1" ind2="3" tag="246"><subfield code="a">Carroll today weekender news</subfield></datafield><datafield ind1=" " ind2=" " tag="260"><subfield code="a">Carroll, Iowa :</subfield><subfield code="b">Carroll Communications,</subfield><subfield code="c">1989-</subfield></datafield><datafield ind1=" " ind2=" " tag="300"><subfield code="a">v. :</subfield><subfield code="b">ill.</subfield></datafield><datafield ind1=" " ind2=" " tag="310"><subfield code="a">Semiweekly</subfield></datafield><datafield ind1="0" ind2=" " tag="362"><subfield code="a">[Vol. 8, no. 12] (Feb. 11, 1989)-</subfield></datafield><datafield ind1=" " ind2=" " tag="500"><subfield code="a">Published on Wednesday and Saturday.</subfield></datafield><datafield ind1=" " ind2=" " tag="500"><subfield code="a">Wednesday ed. called: Today news extra, Feb. 15-22, 1989.</subfield></datafield><datafield ind1=" " ind2=" " tag="752"><subfield code="a">United States</subfield><subfield code="b">Iowa</subfield><subfield code="c">Carroll</subfield><subfield code="d">Carroll.</subfield></datafield><datafield ind1="0" ind2="0" tag="780"><subfield code="t">Carroll today</subfield><subfield code="w">(DLC)sn 83003344</subfield></datafield></record>